<?xml version="1.0" encoding="UTF-8"?><collection xmlns="http://www.loc.gov/MARC21/slim"><record><leader>00653nam--2200193-i-4500</leader><controlfield tag="001">000025356</controlfield><controlfield tag="002">20161230</controlfield><controlfield tag="005">20161230201035</controlfield><controlfield tag="008">060222s1000------------r-----000-0-eng-d</controlfield><datafield ind1=" " ind2=" " tag="040"><subfield code="a">IFIN-HH</subfield></datafield><datafield ind1=" " ind2=" " tag="080"><subfield code="a">535(061.3)</subfield></datafield><datafield ind1="1" ind2=" " tag="100"><subfield code="a">Schlenker, M</subfield></datafield><datafield ind1="1" ind2="0" tag="245"><subfield code="a">Lecture notes in physics. vol. 112. imaging processes and coherence in physics. proceedings, les houches 1979</subfield><subfield code="c">M. schlenker, m. fink, j.p. goedgebuer, c. malgrange, j. ch. vienot, r.h. wade (eds.)</subfield></datafield><datafield ind1=" " ind2=" " tag="260"><subfield code="a">Berlin</subfield><subfield code="b">Springer-verlag</subfield><subfield code="c">1980</subfield></datafield><datafield ind1=" " ind2=" " tag="300"><subfield code="a">XIX+577P</subfield></datafield><datafield ind1=" " ind2=" " tag="490"><subfield code="a">Lecture Notes In Physics, 112</subfield></datafield><datafield ind1="1" ind2=" " tag="700"><subfield code="a">Wade, R.H</subfield><subfield code="e">Ed</subfield></datafield><datafield ind1=" " ind2=" " tag="852"><subfield code="a">33919</subfield><subfield code="c">53</subfield></datafield><datafield ind1=" " ind2=" " tag="CAT"><subfield code="a">Sys</subfield><subfield code="c">20150304</subfield><subfield code="h">131212</subfield></datafield></record></collection>